<?xml version="1.0" encoding="utf-8"?>
<Message xmlns:bs="urn:iso:std:iso:20022:tech:xsd:camt.053.001.02"
         xmlns="urn:bcsis"
         xmlns:head="urn:iso:std:iso:20022:tech:xsd:head.001.001.01">
  <bs:stmt>
    <bs:Bal>
      <bs:Tp>
        <bs:CdOrPrtry>
          <bs:Prtry>Outward</bs:Prtry>
        </bs:CdOrPrtry>
      </bs:Tp>
      <bs:Amt Ccy="USD">300.00</bs:Amt>
      <bs:CdtDbtInd>DBIT</bs:CdtDbtInd>
      <bs:Dt>
        <bs:Dt>2016-10-04</bs:Dt>
      </bs:Dt>
    </bs:Bal>
    <bs:Ntry>
      <bs:Amt Ccy="USD">300.00</bs:Amt>
    </bs:Ntry>
  </bs:stmt>
  <bs:stmt>
    <bs:Bal>
      <bs:Tp>
        <bs:CdOrPrtry>
          <bs:Prtry>Inward</bs:Prtry>
        </bs:CdOrPrtry>
      </bs:Tp>
      <bs:Amt Ccy="USD">250.00</bs:Amt>
      <bs:CdtDbtInd>DBIT</bs:CdtDbtInd>
      <bs:Dt>
        <bs:Dt>2016-10-04</bs:Dt>
      </bs:Dt>
    </bs:Bal>
    <bs:Ntry>
      <bs:Amt Ccy="USD">250.00</bs:Amt>
    </bs:Ntry>
  </bs:stmt>
</Message>